@misc{realdata,
  title = {UCI Machine Learning Repository},
  howpublished = {\url{https://archive.ics.uci.edu/ml/datasets.html?area=&att=&format=&numAtt=&numIns=&sort=nameUp&task=clu&type=&view=table}},
  note = {Last-Accessed: 2018-10-28}
}

@misc{wellknown,
    author = {Pasi Fr\"anti and Sami Sieranoja},
    title = {K-means properties on six clustering benchmark datasets},
    year = {2018},
    volume  = {48},
    number  = {},
    pages   = {1--17},
    url = {http://cs.uef.fi/sipu/datasets/},
}

@misc{clusterAlgorithms,
  title = {Elki Algorithms},
  howpublished = {\url{https://elki-project.github.io/algorithms/}},
  note = {Last-Accessed: 2018-10-28}
}

